<?xml version="1.0" encoding="UTF-8" ?>
<collection xmlns:xsi="http://www.w3.org/2001/XMLSchema-instance" xsi:schemaLocation="http://www.loc.gov/MARC21/slim http://www.loc.gov/standards/marcxml/schema/MARC21slim.xsd" xmlns="http://www.loc.gov/MARC21/slim">
   <record>
      <leader>     mam a22      a 4500</leader>
      <controlfield tag="001">1930299</controlfield>
      <controlfield tag="003">COO</controlfield>
      <controlfield tag="005">20140820203724.0</controlfield>
      <controlfield tag="008">890718m19461949mr       b    000 0caraxd</controlfield>
      <datafield tag="010" ind1=" " ind2=" ">
         <subfield code="a">   75587563  </subfield>
      </datafield>
      <datafield tag="035" ind1=" " ind2=" ">
         <subfield code="a">(NIC)notisAJZ4355</subfield>
      </datafield>
      <datafield tag="035" ind1=" " ind2=" ">
         <subfield code="a">(OCoLC)21502418</subfield>
      </datafield>
      <datafield tag="035" ind1=" " ind2=" ">
         <subfield code="a">1930299</subfield>
      </datafield>
      <datafield tag="040" ind1=" " ind2=" ">
         <subfield code="c">NN</subfield>
         <subfield code="d">NN</subfield>
         <subfield code="d">CtY</subfield>
         <subfield code="d">NIC</subfield>
      </datafield>
      <datafield tag="043" ind1=" " ind2=" ">
         <subfield code="a">e-sp---</subfield>
      </datafield>
      <datafield tag="050" ind1="0" ind2=" ">
         <subfield code="a">DP302.S59</subfield>
         <subfield code="b">T38 1949</subfield>
      </datafield>
      <datafield tag="090" ind1=" " ind2=" ">
         <subfield code="a">DP302.S59</subfield>
         <subfield code="b">T38 1949</subfield>
      </datafield>
      <datafield tag="100" ind1="1" ind2=" ">
         <subfield code="a">Ṭawd, ʻAbd al-Salām Aḥmad.</subfield>
      </datafield>
      <datafield tag="245" ind1="1" ind2="0">
         <subfield code="a">Banū ʻAbbād bi-Ishbīlīyah /</subfield>
         <subfield code="c">bi-qalam ʻAbd al-Salām Aḥmad al-Ṭawd.</subfield>
      </datafield>
      <datafield tag="260" ind1=" " ind2=" ">
         <subfield code="a">Tiṭwān :</subfield>
         <subfield code="b">Maʻhad Mawlāy al-Ḥasan,</subfield>
         <subfield code="c">1946 [i.e. 1949]</subfield>
      </datafield>
      <datafield tag="300" ind1=" " ind2=" ">
         <subfield code="a">300 p. ;</subfield>
         <subfield code="c">22 cm.</subfield>
      </datafield>
      <datafield tag="504" ind1=" " ind2=" ">
         <subfield code="a">Bibliography: p. 281-[289]</subfield>
      </datafield>
      <datafield tag="500" ind1=" " ind2=" ">
         <subfield code="a">&quot;Hādhā al-baḥth nāla iʻjāb al-lajnah allatī allafahā al-Majlis al-Aʻlá lil-Azhar ... wa-baʻda al-munāqashah qarrarat al-Lajnah manḥī shahādat al-ʻĀlamīyah min darajat Ustādh&quot;</subfield>
      </datafield>
      <datafield tag="650" ind1=" " ind2="0">
         <subfield code="a">Abbadides.</subfield>
      </datafield>
      <datafield tag="651" ind1=" " ind2="0">
         <subfield code="a">Seville (Spain: Province)</subfield>
         <subfield code="x">History.</subfield>
      </datafield>
      <datafield tag="905" ind1=" " ind2=" ">
         <subfield code="a">19910819120000.0</subfield>
      </datafield>
      <datafield tag="903" ind1=" " ind2=" ">
         <subfield code="a">NYUACO</subfield>
         <subfield code="d">20141028</subfield>
         <subfield code="p">31924060302399</subfield>
      </datafield>
      <datafield tag="950" ind1=" " ind2=" ">
         <subfield code="a">DP302.S59</subfield>
         <subfield code="b">T23</subfield>
         <subfield code="v"> </subfield>
      </datafield>
   </record>
</collection>
